4628 6044
411 515 716 591 rnsrossro
752 533 802 587 ss
835 510 1209 617 cusnsrroarn
1242 512 1576 588 ιιιοιιιιιιιιι.
1790 508 1831 593 ιι

72 727 79 752 “
188 706 343 797 Quamvis
374 705 409 773 in
438 704 567 775 diverso
587 710 802 792 argumento.
823 700 912 771 idem
935 700 1003 789 egit
1032 719 1302 770 rsrcnanrsus
1327 698 1474 777 Siculus.
1498 701 1532 768 in
1550 721 1651 771 socco
1680 702 1826 791 philoso·

143 828 248 915 phus3
272 826 330 912 qui
351 840 474 908 quum,
495 816 739 907 Pythagoream
761 816 970 903 disciplinam
998 816 1183 901 amplexus,
1215 825 1354 901 propter
1375 814 1573 894 Hieronem.
1606 838 1707 904 quem
1733 841 1827 887 acer·

116 963 118 967 ·
144 941 215 1009 hius
235 938 466 1029 perstrinxerat
487 931 578 1020 (14)
595 976 607 1010 ,
627 932 738 1016 palam
767 928 994 1017 philosophiae
1029 928 1110 994 dare
1138 949 1272 1014 operam
1294 950 1363 995 non
1385 929 1540 1009 auderet.
1565 930 1610 998 ad
1631 932 1828 997 Comoedias

142 1053 330 1122 scribendas
351 1051 496 1115 animum
518 1048 565 1112 ita
587 1045 735 1133 appulit,
759 1052 795 1108 ut
817 1053 996 1130 praecepta
1019 1051 1053 1107 et
1075 1042 1202 1109 monita
1227 1062 1264 1107 er
1286 1045 1353 1109 imo
1375 1041 1603 1132 philosophiae
1632 1046 1828 1134 Pythagori-

145 1189 208 1235 cae
225 1168 317 1233 lonte
336 1164 441 1251 petita
463 1161 608 1228 versibus
627 1157 810 1231 includeret
830 1155 939 1244 (nile
964 1177 1066 1242 quare
1078 1157 1245 1242 prr'rrcepc
1270 1156 1471 1224 Comoedsirs
1493 1158 1585 1224 audit
1602 1159 1777 1229 Platoni
1795 1163 1831 1229 in

150 1280 328 1347 Theaeteto
347 1297 425 1362 pag.
439 1275 499 1339 152
519 1273 555 1337 Ε.
574 1275 600 1341 cl
623 1271 709 1355 ἄκροι
729 1278 785 1347 τῆς
803 1271 950 1347 τοοιὶσεας
967 1269 1136 1352 ἑκατέρας.
1161 1272 1399 1353 meroliacensis
1414 1269 1633 1357 Ἐπίχαρμος,
1656 1275 1832 1359 τραγῳδίας

145 1392 349 1475 evoma.
395 1386 501 1473 liujus
527 1386 703 1460 sententias
731 1393 769 1450 et·
786 1381 928 1471 graviter
949 1381 1040 1448 dicta
1065 1381 1178 1457 Plato,
1204 1382 1281 1467 qui.
1315 1384 1341 1448 ei
1374 1385 1546 1451 Laertio
1578 1384 1660 1450 fides
1686 1386 1748 1451 111.
1782 1387 1832 1456 10.

146 1506 288 1595 plurima
308 1502 338 1567 ei
359 1503 470 1569 retulit
488 1510 648 1588 accepta,
670 1499 790 1586 passim
812 1504 995 1578 memorate
1015 1493 1199 1582 Xenophon
1215 1515 1282 1560 uno
1306 1505 1433 1563 tantum
1453 1498 1489 1566 in
1513 1499 1590 1564 loco
1612 1500 1711 1568 Mem.
1733 1499 1779 1565 ΙΙ.
1800 1500 1830 1565 Ι.

148 1620 178 1709 ς.
200 1619 256 1689 20.
281 1615 367 1683 hunc
389 1636 428 1683 ex
450 1635 491 1682 eo
513 1613 613 1679 hahet
634 1613 827 1687 sententiam

472 1735 545 1798 Τῶν
566 1728 662 1797 risos
685 1731 838 1796 πωλοῦσιν
861 1725 934 1806 ἡμῖν
956 1720 1066 1791 rbere
1087 1721 1204 1803 reyes·
1226 1724 1254 1792 el
1276 1725 1346 1792 trel·
1369 1721 1461 1810 (16)

146 1849 187 1914 de
219 1841 424 1932 quaomnia
454 1841 603 1909 continet
633 1838 793 1924 exquisita
821 1833 1024 1903 Ruhnkem'r'
1048 1834 1089 1904 V.
1112 1833 1161 1901 Cl.
1184 1833 1229 1899 ad
1248 1832 1282 1900 h.
1306 1837 1330 1901 l.
1360 1837 1607 1908 animadversio.
1663 1839 1728 1921 Qui
1745 1838 1835 1909 hunc

147 1958 267 2044 excipit
287 1952 486 2030 Trochsioue

510 2061 533 2135 ὦ
556 2063 682 2148 rossel.
706 2063 751 2145 μὴ
774 2063 818 2131 τὰ
839 2061 977 2143 μαλακοὶ
998 2060 1101 2142 adro.
1122 2060 1168 2140 μὶν
1190 2060 1234 2128 τοὶ
1256 2059 1364 2144 σκλήρ’
1385 2060 1478 2147 izee-

153 2178 300 2267 qusmris
322 2175 509 2263 Epicharmi
531 2177 691 2261 gravitate
723 2174 942 2259 dignissimus,
967 2179 1076 2233 tamen
1106 2169 1149 2234 ah
1184 2170 1249 2236 hoo
1279 2173 1357 2238 loco
1387 2175 1516 2241 alienun
1541 2183 1644 2242 estet
1677 2180 1792 2245 merito
1814 2200 1834 2246 a

151 2289 356 2374 Valckerr·
380 2289 427 2358 ad
448 2287 587 2357 Herod.
609 2286 657 2355 11.
683 2286 758 2358 tlt.
780 2306 860 2377 pag.
880 2282 955 2352 stt.
978 2279 1121 2371 ejicitur.

1739 2404 1840 2472 Prae⁴

150 2607 1119 2696 Εά.6ο1ι1.,ορροτ1101οιιιιιιο1ορΞουοφῶντοςὲατοῦτερὶ
1144 2608 1316 2691 &classico
1369 2611 1429 2676 Sed
1458 2608 1629 2692 Xenophon
1649 2608 1839 2693 Theognidir

151 2718 348 2797 interpretem
362 2734 455 2796 agere
474 2727 506 2779 et
522 2719 755 2781 commentarios
774 2720 807 2779 iu
824 2712 1037 2794 Theognldem
1058 2713 1151 2777 edere
1168 2735 1228 2777 non
1248 2717 1358 2797 potuit.
1400 2715 1589 2796 Theognidis
1608 2713 1761 2776 illustrem
1778 2716 1838 2777 ali·

153 2835 245 2897 quem
260 2817 362 2879 locum
379 2817 430 2877 val
448 2834 486 2877 ex
504 2814 635 2877 Socratis
654 2819 705 2879 rel
723 2837 761 2878 ar
779 2836 832 2877 sua
854 2834 984 2894 persons
1005 2816 1158 2896 copiosius
1177 2834 1320 2880 enarrare
1342 2817 1458 2897 potuit:
1478 2817 1560 2879 unde
1579 2817 1776 2903 sum-ichnos,
1793 2813 1841 2877 lo-
1974 2854 2019 2871 --
2044 2852 2055 2867 ·

156 2935 226 2980 oum
242 2917 329 2976 illum
344 2936 382 2978 ex
397 2915 650 2977 Memorabilihus
670 2919 730 2993 (nt
746 2936 825 2997 quae
838 2913 1028 2998 Xenophon,
1046 2917 1092 2979 uti
1109 2928 1240 2993 constat,
1260 2918 1365 2979 multis
1379 2919 1520 2999 partibus
1540 2920 1677 2981 auctiora
1694 2915 1843 2986 ediderit,

155 3035 249 3102 quam
265 3035 345 3078 nnnc
363 3016 588 3079 hahemuscsse
606 3017 778 3080 desumtnm
795 3029 826 3080 et
844 3021 1027 3100 pertinuisse
1046 3021 1085 3081 ad
1104 3022 1338 3101 disputationem
1352 3022 1485 3100 aliquam
1505 3023 1544 3083 de
1558 3022 1738 3083 Nobilitatur
1760 3017 1842 3076 hanc

155 3123 436 3204 interpretationem
453 3120 539 3181 locus
564 3121 630 3201 ipse
652 3122 782 3183 mirifice
800 3122 941 3194 adjurat:
970 3131 1003 3187 et
1024 3123 1216 3186 lemmatibur
1236 3124 1358 3186 Stobsei
1380 3143 1475 3208 qnam
1497 3124 1577 3186 nihil
1598 3120 1785 3185 anctoritah's
1803 3119 1845 3183 sit

159 3221 375 3295 tribuendum,
394 3231 508 3284 constat
525 3228 604 3285 inter
622 3244 737 3286 omnes.

194 3322 281 3384 Idem
298 3321 421 3382 ridetur
437 3326 631 3389 statuendum
654 3327 693 3389 dc
719 3324 800 3385 libro
819 3321 1003 3387 Antisthenis
1025 3323 1094 3407 περὶ
1119 3322 1300 3405 eremias,
1325 3325 1379 3407 qui
1409 3344 1483 3406 pars
1508 3332 1576 3387 crat
1596 3321 1683 3383 Libri
1699 3325 1758 3386 111.
1788 3324 1845 3390 τοῦ

156 3427 394 3505 neaemias.
438 3427 549 3513 Diog.
569 3428 701 3492 Laert-
720 3427 776 3496 VL
798 3423 848 3490 16.
894 3424 945 3489 Sic
964 3426 997 3492 in
1027 3429 1160 3492 Platonis
1184 3429 1349 3514 Protagora
1367 3435 1434 3490 erat
1458 3446 1531 3510 pars
1560 3426 1629 3513 περὶ
1659 3424 1845 3512 renodare

159 3534 255 3604 atque
272 3524 317 3585 ita
335 3527 368 3584 in
385 3524 485 3606 alita]

199 3622 283 3705 (tt)
304 3624 351 3686 Cf.
375 3624 581 3690 Plutarch.
602 3625 640 3685 ee
657 3622 822 3691 adulatore
842 3634 875 3690 st
891 3631 991 3691 emico
1008 3629 1082 3710 Cap.
1096 3627 1255 3696 xxxva.

197 3728 233 3806 (t
240 3727 280 3810 5)
300 3729 450 3792 Classicus
469 3725 528 3787 hac
549 3726 588 3789 de
603 3744 639 3789 re
658 3728 745 3791 locus
761 3742 807 3794 art
824 3733 909 3814 apud
932 3721 1197 3792 lamblichum
1215 3731 1247 3790 in
1266 3725 1334 3789 site
1356 3727 1558 3814 Pythagorae
1583 3733 1613 3817 ς.
1629 3733 1701 3798 266.
1722 3740 1782 3806 τῶν
1810 3730 1844 3804 δ’

91 3898 96 3905 ,
161 3830 270 3913 liuius
283 3831 440 3913 ἀκροατῶν
464 3828 633 3919 (λέγουσι)
654 3831 796 3911 γενέσθαι
817 3835 872 3901 καὶ
891 3836 944 3903 ele
964 3828 1185 3915 Ἐπίχαρμον,
1202 3832 1280 3900 ἀλλ’
1303 3836 1357 3902 οὐκ
1375 3837 1412 3902 ἐκ
1428 3839 1483 3904 τοῦ
1504 3839 1704 3919 συστήματος
1719 3850 1779 3909 τῶν
1793 3843 1850 3909 ἄν·

165 3935 260 4017 δρῶν·
291 3934 481 4018 αφιαδμονον
509 3934 543 4001 ll
571 3934 603 4008 le
634 3934 834 4014 Συρακούσας
862 3937 915 4004 aa
941 3934 1145 4018 rir‘lipesor
1167 3939 1330 4020 τυραννίδα
1352 3946 1407 4007 τοῦ
1429 3945 1487 4021 μὲν
1505 3948 1644 4026 φανερῶς
1662 3951 1847 4031 φιλοσοφεῖν

161 4038 376 4124 ατοσχέσθαι.
402 4042 434 4117 te
460 4037 569 4123 μέτρον
596 4035 625 4106 δ’
652 4039 781 4107 ἐντεῖναι
803 4037 868 4126 (ἱιιι
887 4039 1043 4120 Wyttenb.
1064 4059 1123 4121 pro
1140 4044 1224 4125 vulg.
1247 4040 1377 4128 ἐνεῖναι)
1401 4045 1463 4135 τὰς
1491 4044 1625 4124 διανοίας
1648 4054 1709 4116 τῶν
1734 4052 1848 4135 turpes

165 4149 257 4230 μετα
270 4147 398 4224 rariter
420 4148 593 4235 διαφέροντα
611 4145 656 4215 τὸ
679 4142 857 4230 Πυθαγόρου
873 4142 1035 4228 δόγματα.
1076 4141 1124 4213 Cf·
1146 4147 1268 4211 omnino
1294 4145 1411 4227 Dior.
1434 4148 1563 4216 laert.
1580 4151 1617 4212 r'n
1635 4147 1769 4212 Plutone
1790 4156 1850 4228 111.

138 4252 311 4326 ,16-12,
330 4251 473 4316 tt-tl.
864 4290 866 4295 ·

207 4348 287 4433 (16)
308 4354 354 4413 lta
373 4369 482 4416 varens
496 4351 722 4416 constituendus
740 4356 793 4414 cst
817 4352 894 4414 llam
908 4359 955 4414 est
967 4349 1158 4415 Troahaiour
1173 4352 1362 4417 ‘l'etrameter
1377 4351 1592 4426 Catalecticm,
1607 4356 1714 4436 quales
1731 4358 1762 4418 in
1780 4377 1849 4422 sen·

168 4448 269 4508 tentiis
286 4444 436 4530 usirrpare
454 4454 532 4522 colet
545 4450 759 4538 Epicharmus·
798 4455 902 4518 illinus
917 4464 1001 4519 recte
1017 4454 1113 4536 igitur
1129 4458 1315 4540 interpretes
1331 4463 1363 4518 at
1379 4455 1521 4521 Editorse
1543 4455 1645 4520 iecere
1662 4455 1849 4537 iambicum,

168 4547 213 4613 oa
231 4550 437 4617 consituendo

177 4676 183 4685 ‘
1104 4664 1165 4729 τῶν
1184 4652 1282 4728 risos

629 4814 634 4819 -
665 4765 825 4838 mentm
847 4765 921 4854 ἦραν
941 4767 1050 4879 rim
1069 4761 1186 4938 rgrgl'
1206 4767 1232 4834 ol
1255 4766 1325 4837 trel.
