4628 6044
410 498 714 585 nassonem
747 517 798 570 n
833 462 1210 587 Quaasr'roaaa
1241 505 1591 584 mansuaria:
1802 509 1844 587 ιο

156 700 215 771 ubi
235 702 419 765 sermonum
442 688 673 778 opportrmitas
695 688 742 753 ita
761 686 905 769 larebat,
927 692 1037 778 partes
1056 691 1189 777 alitpra‘e
1210 691 1408 764 tribuuntur.
1451 697 1492 763 ln
1509 697 1625 784 paucis
1644 705 1753 765 tamen
1770 697 1836 764 bis·

154 833 197 881 ce
213 809 424 898 Xenophon,
446 801 529 891 quid
552 797 595 862 de
615 800 749 886 singrdis
768 802 920 880 sentiret,
943 803 1044 870 libere
1066 804 1263 882 declaravit,
1287 826 1395 891 neque
1414 816 1557 887 tantum,
1581 810 1723 895 siquem
1742 830 1837 874 arna.

151 935 203 995 ret
223 932 257 994 et
279 924 512 993 admiraretur,
536 931 612 978 eum
631 912 784 980 laudibus
806 915 973 994 celebrat,
996 918 1053 982 sed
1073 919 1099 983 si
1119 918 1193 1004 quis
1214 918 1313 984 etiarn
1332 919 1393 1005 ipsi
1421 939 1489 984 non
1511 919 1724 1006 probaretur,
1747 920 1835 986 hune

154 1046 188 1106 et
214 1037 374 1114 obscure,
399 1042 511 1098 tamen
533 1036 570 1091 ut
595 1026 735 1114 intelligi
760 1039 885 1116 posset,
917 1039 950 1096 et
971 1040 1083 1117 aperte
1113 1053 1249 1119 carpere
1282 1051 1351 1096 non
1371 1029 1512 1096 dubitat.
1566 1032 1614 1097 Ex
1642 1033 1691 1099 his
1714 1034 1834 1121 igitur,

150 1168 243 1237 quae
264 1146 309 1215 ad
326 1149 457 1214 illorum
479 1142 630 1210 notitiam
651 1140 878 1209 illustrandam
900 1142 1008 1212 iacere
1031 1146 1174 1232 possint,
1198 1154 1353 1211 accurate
1375 1145 1529 1231 colligere
1550 1147 1755 1213 conabimur.

192 1262 241 1327 Ex
262 1261 322 1338 iis,
344 1261 403 1345 qui
424 1256 594 1324 Socratem
613 1264 722 1321 aetate
744 1265 1011 1340 praecesserunt,
1034 1279 1118 1324 unus
1147 1268 1345 1326 memoratur
1375 1279 1662 1327 araxaeoaas
1695 1264 1710 1328 t
1739 1261 1837 1344 pler«

148 1397 221 1443 erra
246 1372 403 1456 operires
428 1372 480 1440 ἔνι)
500 1376 543 1459 τῷ
566 1376 627 1450 rac
649 1375 710 1440 τῶν
731 1372 803 1437 θεῶν
818 1373 971 1454 μηχανὰν
991 1372 1181 1451 ἐξηγεῖσθαι.
1204 1370 1305 1438 Mem.
1328 1372 1442 1441 1v.7.
1468 1377 1500 1458 §.
1522 1374 1555 1439 6.
1579 1373 1674 1458 cujus
1703 1371 1737 1435 in
1760 1369 1852 1455 phi-2

146 1481 354 1571 losephando
376 1484 557 1563 rationem,
580 1495 619 1551 ut
639 1492 820 1549 ceterorum
840 1483 1008 1564 omnium,
1031 1482 1089 1567 qui
1120 1484 1192 1551 ain
1216 1482 1312 1547 rebus
1341 1484 1479 1550 occultis
1506 1494 1538 1549 et
1560 1483 1603 1549 ab
1624 1485 1693 1569 ipsa
1714 1492 1834 1547 natura

149 1595 356 1671 «mrotutid
381 1593 448 1682 (Gi.
468 1596 570 1663 Mem.
589 1597 613 1662 l.
634 1597 675 1683 1.)
702 1616 832 1662 omnem
850 1617 984 1684 operam
1003 1602 1181 1681 ponerent,
1207 1593 1357 1660 Socrates
1378 1617 1447 1663 non
1470 1597 1645 1685 probabat.
1690 1594 1739 1660 Cl.
1762 1617 1833 1663 orn·

143 1708 457 1781 ninotllem.1.·l.
489 1712 523 1793 s.
543 1709 698 1776 11-16.
721 1709 847 1776 Acriter
869 1711 893 1777 l.
919 1709 945 1772 l.
972 1708 1078 1794 carpit
1105 1707 1177 1795 ejus
1203 1710 1365 1795 placitura
1387 1712 1440 1778 riv
1471 1709 1553 1787 ἥλιον
1580 1713 1662 1779 altra
1691 1709 1834 1794 διάπυρον

143 1824 241 1896 elrart
272 1821 364 1910 quod
393 1821 493 1888 variis
516 1825 714 1910 argumentis
737 1823 859 1910 probat
888 1841 956 1887 esse
989 1821 1148 1905 ineptum.
1207 1821 1302 1886 Idem
1335 1822 1493 1906 placitum
1522 1830 1681 1887 memorat
1712 1823 1831 1907 Diog.

146 1935 283 2000 baert.
313 1933 358 2002 ll.
384 1934 417 1999 8.
440 1935 534 2012 itere
557 1935 610 2000 eta
632 1932 716 2009 ἥλιον
734 1934 844 2013 auleis
867 1930 947 1999 εἶναι
973 1931 1115 2010 διάπυρον
1140 1933 1193 1998 sal
1213 1936 1309 2015 μείζω
1333 1939 1389 2007 τῆς
1414 1933 1654 2008 Πελοποννήσου.
1679 1929 1737 1994 ubi
1756 1932 1831 1997 vide

146 2047 289 2129 Μανιος.
314 2054 347 2104 et
370 2043 425 2107 cli.
447 2063 532 2126 quos
553 2042 669 2106 laudat
690 2040 888 2108 Davisius
910 2041 955 2105 ad
977 2040 1074 2105 Max.
1101 2040 1178 2126 Tyr.
1200 2041 1299 2111 XXV.
1324 2068 1359 2131 p.
1384 2041 1460 2106 595.

187 2156 282 2221 lianc
303 2152 503 2236 impietatem
523 2154 648 2217 scilieet
668 2150 879 2219 Athenienses
897 2174 966 2218 non
985 2153 1138 2216 tulerunt.
1184 2151 1402 2242 Philosophus
1422 2152 1488 2216 hoe
1509 2152 1642 2218 nomine
1661 2151 1833 2223 accusatus

143 2276 192 2335 est
212 2288 232 2333 a
253 2264 397 2342 Cleone,
417 2272 552 2330 auctore
573 2263 716 2328 Sotr'orre
746 2284 801 2348 ap.
823 2261 941 2346 Diog.
966 2260 1100 2326 baert.
1122 2262 1167 2326 11.
1190 2266 1242 2331 12.
1272 2269 1342 2346 vel,
1366 2272 1403 2328 ut
1427 2264 1578 2348 Satyrus
1597 2266 1679 2331 ibid.
1702 2269 1835 2347 scribit,

142 2401 164 2445 a
181 2378 399 2466 Thucydide,
419 2380 566 2444 helesiae
587 2375 646 2456 l'.,
668 2374 804 2439 Periclis
831 2375 867 2440 in
884 2393 953 2458 rep·
981 2371 1196 2455 adversario,
1221 2388 1254 2444 et
1274 2380 1346 2456 rix,
1370 2379 1495 2445 Pericle
1518 2389 1663 2466 patrono
1686 2400 1781 2457 usus,
1805 2382 1837 2452 V

142 2493 271 2558 talentis
292 2500 324 2556 α
345 2492 457 2559 exsilio
478 2492 677 2561 mulctatus,
700 2487 850 2551 cicutam·
866 2486 992 2573 effugit.

184 2602 301 2666 hierita
319 2602 453 2684 quidem
471 2600 577 2666 hocce
597 2599 762 2684 placitum·
784 2602 922 2686 explosit
947 2601 1117 2678 Socrates,
1148 2602 1206 2667 sed
1231 2600 1429 2687 argumentis
1451 2599 1555 2664 utitur
1585 2599 1676 2668 haud
1701 2604 1746 2670 ita
1777 2605 1834 2670 iir-

145 2713 293 2778 missimis
317 2716 350 2776 et
374 2713 472 2777 nimis
500 2712 634 2776 fortasse
656 2730 774 2777 rocem
800 2712 881 2780 λίθον
911 2721 1017 2798 urget.
1060 2713 1173 2799 Neque
1203 2722 1293 2791 erat,
1317 2735 1377 2778 cur
1408 2712 1624 2779 Ruhnkenius
1649 2714 1685 2782 in
1712 2718 1834 2786 Annot.

143 2820 239 2889 MSS.
264 2822 310 2887 nd
332 2821 367 2886 h.
387 2824 418 2888 1..
428 2823 474 2887 ita
500 2824 637 2888 severius
650 2819 832 2912 judicaret:
854 2818 1144 2911 «Anaxagoram
1161 2825 1365 2912 Antiquitas
1387 2809 1536 2913 Plyara·
1554 2826 1658 2893 titulo
1675 2837 1838 2934 ornant,-

139 2961 163 3004 α
180 2935 247 2998 aed
264 2937 414 3020 praeter
431 2939 572 3010 merae.
605 2945 645 3002 at
668 2935 725 3002 vel
749 2936 941 3013 abswdae,
966 2958 1055 3024 qaae
1077 2938 1134 3003 hic
1154 2949 1480 3018 commemorantur,
1504 2945 1697 3008 sententiae
1721 2954 1837 3011 osten·

137 3044 303 3114 «ἀνθ’
347 3044 433 3110 Nom
459 3047 486 3111 si
510 3069 586 3114 rere
615 3061 663 3117 est
698 3047 953 3116 Cudarorthi
981 3050 1205 3137 interpretatio
1234 3052 1269 3117 in
1301 3051 1450 3138 System.
1479 3052 1600 3119 [alell.
1622 3055 1684 3119 ΙΙΙ.
1708 3056 1765 3124 24.
1798 3071 1831 3124 et

138 3161 277 3231 [ΜΒ.
301 3182 378 3248 pag.
395 3159 485 3238 460,
505 3163 600 3226 unice
621 3163 763 3247 probate
783 3182 804 3226 a
823 3161 865 3231 V.
886 3160 935 3225 Cl.
963 3161 1252 3227 Valckenario
1280 3166 1315 3229 in
1336 3164 1452 3229 Ba'ati.
1479 3188 1555 3254 pag.
1572 3167 1616 3232 30
1638 3189 1694 3256 sq.
1739 3171 1830 3238 Ana.

137 3294 304 3360 negaram·
318 3273 384 3338 hoe
404 3273 531 3358 placito
551 3282 681 3338 tanturn
700 3272 838 3341 votuisse
857 3272 978 3347 solem,
1003 3280 1177 3354 ceteraque
1195 3274 1349 3339 coelestia
1373 3295 1513 3360 corpora
1534 3288 1565 3341 ct
1584 3280 1655 3365 ipsa
1679 3303 1747 3348 esse
1766 3296 1832 3352 ter·

139 3407 245 3469 rena,
268 3387 420 3471 adeoque
442 3383 586 3452 hranano
604 3387 697 3453 cultu
717 3386 854 3472 indigna
877 3382 966 3470 (r)=
988 3381 1030 3445 de
1054 3379 1152 3467 hujus
1165 3382 1287 3470 judicii
1305 3385 1476 3450 severitate
1495 3388 1633 3455 multum
1655 3403 1702 3459 cst
1721 3399 1833 3464 remit.

137 3495 288 3565 tendum
301 3506 337 3561 et
360 3499 508 3581 quamvis
532 3499 747 3584 Anaxagoras
769 3499 803 3562 in
828 3497 937 3560 densis
959 3513 1035 3557 suae
1058 3497 1173 3559 aetatis
1194 3495 1333 3561 tenebris
1354 3507 1386 3562 et
1410 3498 1478 3583 ipse
1504 3519 1601 3587 saepe
1621 3511 1828 3594 caecutiant,

136 3621 260 3676 tamen·
275 3610 464 3694 aequalium
487 3630 619 3675 suorum
637 3607 877 3694 superstitiones
893 3625 1002 3670 rerum
1022 3604 1231 3691 l’lrysicarum
1251 3609 1360 3675 studio
1381 3611 1416 3675 in
1436 3611 1545 3676 multis
1560 3614 1606 3680 ita
1627 3621 1828 3709 conlutarit,

136 3733 174 3787 ut
195 3722 248 3786 ob.
261 3721 471 3810 haecmagis
485 3723 702 3789 admiratione
720 3740 822 3805 quem
843 3716 887 3781 ob
908 3716 964 3780 illa
990 3715 1147 3803 vituperio
1167 3719 1285 3807 dignus
1305 3721 1425 3788 debeat
1447 3723 1561 3791 rideri.
1607 3723 1668 3813 Cff.
1694 3735 1826 3804 omnino

135 3835 358 3902 Plutarch.
378 3838 414 3903 in
435 3837 567 3904 Periel.
592 3837 671 3921 Cap.
691 3834 767 3902 Vll.
791 3841 823 3899 et
846 3827 1042 3899 Valcken·
1066 3827 1101 3892 in
1122 3828 1239 3895 Itrhtr.
1262 3856 1339 3922 pag.
1361 3837 1405 3903 25
1426 3857 1503 3923 sqq.

176 3949 257 4015 tem.
269 3949 415 4018 venimus
433 3947 479 4014 ed
495 3948 613 4030 illum,
636 3946 680 4012 ad
704 3966 803 4030 quern
825 3941 936 4019 omnia
954 3941 991 4007 in
1012 3937 1062 4002 bis
1085 3936 1310 4028 Xenophontis
1334 3946 1424 4013 libris
1443 3946 1644 4027 referuntur,
1669 3950 1712 4018 ad
1733 3957 1826 4032 cuiue

1756 4088 1826 4135 me·

172 4269 235 4349 (t)
262 4272 345 4333 Ilaec
373 4274 442 4350 ipsa
470 4269 530 4330 fuit
558 4268 708 4334 Veterum
729 4265 942 4330 nonnullorum
976 4259 1155 4337 sententia,
1179 4261 1381 4337 Enaebius,
1404 4268 1554 4352 Praepar.
1575 4258 1731 4354 ansprtss
1750 4266 1821 4344 XIV

137 4371 262 4448 Capit
295 4393 357 4453 pag
380 4371 451 4436 570.
474 4374 714 4460 (Anaxagoras)
736 4373 831 4454 δόξαις
853 4368 1017 4445 Ἀθηναίοις
1036 4369 1126 4444 ἄθεος
1151 4369 1246 4449 εἶναι,
1271 4373 1316 4443 ὅτι
1336 4374 1380 4455 μὴ
1403 4377 1455 4441 τὶν
1477 4371 1558 4449 ἥλιον
1575 4377 1746 4457 iterabat,
1770 4389 1823 4454 rte

130 4474 172 4544 δὲ’
185 4473 439 4553 deleas-amir,
462 4478 571 4556 ριιιιροῦ
593 4474 657 4542 teir
678 4475 887 4550 νοννιλινθιὶρ.
904 4477 1068 4544 derideres.
1089 4475 1148 4537 ubi
1165 4479 1463 4543 animadvertendum
1483 4484 1587 4555 attae,-
1609 4480 1705 4546 fuisse
1724 4489 1818 4551 Vete-

127 4580 220 4639 ribus
237 4597 297 4637 rrorr
318 4587 450 4650 mutam,
467 4577 523 4655 qui
544 4577 625 4639 Deos
645 4599 712 4642 esse
729 4588 897 4662 negarent,
917 4583 972 4642 aed
991 4585 1167 4664 quicunque
1187 4581 1226 4643 ab
1245 4585 1439 4665 opinionibus
1459 4583 1497 4650 de
1515 4587 1582 4647 Diis
1603 4587 1697 4670 ralgo
1714 4608 1821 4676 recep.

123 4678 383 4746 stemmaterene.
422 4679 470 4744 Ch
490 4681 613 4744 omnino
631 4682 808 4751 Periaen.
825 4685 866 4749 ad
884 4684 1015 4755 Aeliae,
1030 4684 1068 4752 Υ.
1086 4684 1125 4746 ll.
1146 4682 1187 4747 ll.
1207 4684 1259 4750 31.

1141 4821 1309 4895 02.
