4628 6044
414 514 1583 600 perscrutor·ouanenronnssecernamus.
1790 514 1840 598 tt

154 714 207 793 Ci.
229 710 331 781 otiam
355 705 558 779 Schneid·
580 703 625 772 ad
650 702 769 792 ὅμοιον.
784 703 953 799 'Ioseph
981 727 1016 793 p·
1032 704 1107 773 tto
1120 711 1153 771 et
1175 702 1249 772 146.
1273 714 1307 771 et
1328 706 1478 794 quamdi
1503 701 1755 775 demutationem
1769 703 1833 777 3iu·

156 835 399 909 tmutumque
425 818 644 889 intercedere
671 816 762 886 haud
784 819 850 887 seri
877 819 920 886 sit
947 818 1119 895 dissimile,
1152 816 1250 882 aliem
1271 826 1385 884 tamen·
1400 819 1501 886 uniunt
1521 821 1642 906 prosint
1664 820 1751 890 absit
1778 830 1834 888 sut

209 957 275 1005 oso.
325 991 328 996 .
489 988 490 993 1
524 974 527 983 ·
1232 952 1237 988 ³
1309 958 1313 990 2
1395 959 1425 989 -·
1648 951 1653 961 ’

157 961 625 1134 'pdpsimxsrouosurs
650 1044 750 1111 etiam
779 1065 853 1112 rara
885 1051 932 1110 est
953 1042 1088 1137 mentio.
1131 1038 1304 1126 Symposio
1327 1038 1471 1107 aCallia
1492 1040 1661 1108 celebrato
1678 1062 1713 1109 se
1734 1043 1837 1111 tuter-2

159 1161 254 1224 luisse
285 1161 331 1222 sit
359 1156 476 1242 Symp.
498 1158 525 1222 Ι.
562 1159 595 1240 §.
619 1160 649 1222 l.
671 1156 728 1222 sed
749 1158 836 1222 inter
858 1156 1010 1223 convivas
1033 1173 1100 1219 non
1128 1158 1346 1228 memoratur.
1379 1155 1467 1219 unde
1497 1155 1679 1241 Aristippus
1700 1154 1838 1238 quidam

159 1269 388 1358 apud'ltiog.
423 1268 560 1333 baert.
584 1268 629 1332 ΙΙ.
652 1266 706 1332 49.
739 1265 821 1350 eum*
844 1269 904 1333 sub
926 1262 1087 1332 Critobuli
1123 1281 1261 1347 persona
1284 1264 1385 1329 latare
1403 1266 1607 1332 existimarit.
1653 1266 1709 1330 Ad
1732 1253 1856 1351 ipsum'

160 1384 246 1449 enim
263 1401 302 1444 ea
323 1377 442 1459 refert,
455 1399 541 1463 quaa
563 1379 747 1444 Critobulus
765 1379 882 1466 Symp.
893 1379 952 1446 1v.
969 1383 1000 1462 §.
1016 1378 1067 1442 12.
1088 1375 1130 1439 de
1154 1394 1265 1438 amore
1285 1394 1344 1438 suo
1366 1395 1442 1461 erga
1467 1375 1603 1443 Cliniam
1624 1380 1738 1444 iactat.
1770 1377 1838 1447 Ssd

162 1490 220 1578 qul
247 1488 325 1555 fleri'
340 1489 457 1574 possit,
479 1499 516 1553 ut
545 1489 730 1577 Xenophon
761 1491 995 1556 adolescentuli
1022 1508 1130 1572 neque
1159 1488 1280 1573 ingenii
1312 1487 1464 1554 acumine
1493 1506 1556 1553 nse
1584 1488 1743 1553 modestia
1775 1508 1839 1554 neo

160 1599 375 1686 temperantia
397 1601 588 1688 conspicui,
612 1610 649 1666 ut
668 1602 753 1667 inira
774 1601 975 1680 ridebimur,
998 1618 1171 1684 personam
1190 1601 1345 1665 sustinere
1369 1600 1519 1665 voluerit.
1563 1598 1839 1682 Ceterum,quas

163 1715 198 1779 in
220 1713 391 1798 Symposio
410 1713 445 1780 in
465 1712 633 1781 Critobulo
653 1724 828 1797 notantur,
841 1713 958 1781 eadem
978 1712 1013 1776 in
1032 1712 1309 1796 ipso.praesente
1330 1710 1570 1798 Xenophonte,
1590 1713 1697 1798 arguit
1718 1711 1840 1776 Socra·

161 1833 209 1890 tes
227 1822 331 1888 Mem·
358 1823 386 1887 Ι.
408 1825 441 1888 3.
466 1829 497 1907 ς.
514 1827 548 1894 8.
571 1825 659 1892 unde
686 1836 821 1913 apparet
849 1833 955 1891 totum
977 1821 1082 1887 hocce
1103 1820 1355 1887 maledicentiae
1372 1824 1470 1888 istius
1492 1825 1670 1911 Aristippi,
1694 1828 1841 1912 quiaquia

158 1935 292 2008 tandem
312 1934 409 1999 luerit
428 1937 511 2022 (7),
536 1938 595 2022 qui
610 1935 890 2023 praestantissimis
911 1932 985 1998 siris
999 1930 1143 1995 libidinis
1158 1941 1190 1994 et
1209 1932 1478 2016 intemperantiae
1497 1941 1611 1999 notam
1629 1937 1758 2000 inurere
1780 1956 1838 2001 ro·

159 2049 276 2127 luerit,
298 2046 646 2130 esserelinquendum.
687 2046 867 2132 Aliquanto
890 2042 1018 2130 gravior
1033 2050 1089 2107 est
1109 2041 1293 2109 criminatio
1323 2043 1531 2109 Athenaei
1562 2044 1601 2113 V·
1628 2067 1662 2130 p.
1684 2047 1760 2113 216.
1784 2050 1841 2116 uhi

162 2162 221 2231 rite
246 2162 260 2228 d
281 2160 376 2232 καλὸν
395 2163 532 2240 Herodis
551 2160 581 2222 ἐν
602 2161 644 2239 τῷ
668 2160 836 2240 Συμποσίῳ
859 2155 1034 2225 ὑποτίθεται
1057 2149 1207 2224 Καλλίαν
1228 2158 1282 2222 τὸν,
1299 2155 1469 2223 Ἰππονίκου
1490 2155 1670 2225 Αὐτολύκου
1695 2166 1748 2225 τοῦ
1768 2163 1850 2249 M(

159 2267 459 2351 mittissimus}
482 2267 666 2345 νενικηκότος
689 2269 784 2335 αὐτοῦ
810 2263 1001 2344 παγκράτιον
1019 2262 1156 2330 ἑστίασιν
1184 2264 1360 2343 ποιούμενον
1388 2263 1442 2331 sal
1466 2268 1522 2334 σὺν
1547 2275 1610 2341 τοῖς
1640 2267 1749 2344 ἄλλοις
1770 2273 1840 2340 δοιο-

156 2381 270 2462 sotades
295 2381 434 2462 ποοδντοο
459 2379 573 2452 αὑτὸν.
606 2379 658 2446 τὸν
687 2375 757 2449 ἴσως
780 2377 858 2457 μηδὲ
883 2371 1070 2454 γεννηθέντα
1090 2372 1201 2458 iasii
1222 2378 1278 2451 riis
1310 2376 1452 2452 παιδικὴν
1483 2378 1605 2452 ἡλικίαν
1635 2380 1840 2464 ὑπέρκοποι

159 2513 245 2581 quae
273 2489 514 2575 chronologicis
534 2489 713 2556 rationibus
734 2489 882 2556 evincere
914 2490 1065 2548 conetur.
1117 2483 1200 2548 Nam
1223 2484 1265 2548 de
1290 2483 1455 2557 natalibus
1484 2485 1709 2572 Xenophontis
1730 2495 1841 2565 omnia

155 2603 308 2681 pbseurn
352 2600 627 2666 Casaubonus
660 2600 705 2663 ad
738 2596 771 2661 h.
802 2596 961 2662 Athenaei
992 2596 1017 2662 l.
1047 2615 1124 2680 pag.
1145 2592 1228 2672 881.
1260 2613 1352 2672 eum,
1383 2618 1450 2682 quo
1477 2607 1622 2683 tempore
1656 2604 1842 2677 convivium

160 2710 309 2783 habitum
341 2719 410 2790 est,
448 2712 564 2776 decem
601 2709 741 2774 maxime
769 2726 871 2772 annos
902 2715 1017 2771 natum
1046 2715 1165 2770 censet.
1209 2704 1494 2775 Schneiderus
1525 2722 1641 2778 contra
1675 2715 1725 2781 ad
1749 2717 1840 2793 Xera.

85 2879 89 2885 .
159 2824 279 2911 Symp.
310 2820 545 2908 pag.138eq.
575 2820 690 2907 viginti
711 2828 792 2904 tres:
813 2819 906 2883 cuius
933 2821 1030 2905 longe
1060 2819 1168 2904 potior
1187 2818 1316 2885 ridetur
1346 2822 1517 2888 sententia.
1562 2822 1646 2890 llam
1669 2831 1723 2894 cui
1751 2831 1841 2901 bono

159 2958 195 3019 aa
212 2932 379 3006 convivio,
404 2931 460 2995 ubi
479 2950 555 2998 suae
573 2932 681 2998 nullae
700 2932 817 2994 luerint
839 2941 967 3017 partes,
983 2931 1161 2996 interfuisse
1182 2930 1289 2995 fuisset
1308 2932 1508 2997 ementitus?
1551 2932 1653 3018 Atqui
1665 2959 1740 3006 eum
1759 2964 1840 3009 con.

159 3049 286 3136 indisso.
304 3054 470 3129 tempora,
500 3043 679 3116 admodum
703 3043 830 3108 videtur
852 3045 919 3109 seri
944 3042 1110 3108 dissimile.
1153 3041 1208 3128 Eat
1230 3043 1329 3109 etiem
1350 3046 1385 3110 in
1408 3044 1508 3111 Mem.
1539 3046 1631 3112 loeus
1652 3048 1681 3113 1.
1700 3052 1733 3114 3.
1759 3057 1789 3133 ς.
1807 3054 1841 3124 8,

158 3182 234 3248 sqq.
255 3157 313 3241 uhi
332 3155 474 3221 Socratis
491 3175 566 3219 cum
588 3152 804 3238 Xenophonte
825 3163 858 3218 et
873 3151 1041 3219 Critobulo
1057 3155 1177 3240 legitur
1200 3157 1429 3240 colloquium,
1452 3155 1546 3240 quod
1563 3159 1746 3226 consitium
1765 3163 1842 3231 Cal·
1938 3201 1942 3210 s

161 3273 226 3353 liae
247 3266 453 3334 antecessisse
472 3270 676 3354 apparetpsi
698 3288 771 3330 eum
790 3269 899 3330 locum
925 3261 1075 3327 conteras
1094 3283 1170 3343 pum
1191 3263 1315 3348 Sympae
1330 3266 1389 3335 tv.
1420 3271 1451 3349 ς.
1475 3265 1530 3331 24.
1575 3265 1627 3329 Ibi
1649 3278 1757 3336 autern
1789 3276 1840 3343 in·

161 3381 292 3447 ducitur
320 3379 504 3468 Xenophon
537 3377 707 3446 Critobulo
740 3385 849 3460 aetate
879 3393 1019 3463 suppar,
1050 3373 1193 3462 feruidus
1223 3375 1352 3443 iuventa
1374 3385 1406 3442 et
1426 3378 1575 3462 ἐρωτικός.
1598 3376 1664 3444 sid.
1687 3384 1721 3464 ς.
1743 3384 1765 3449 9
1785 3407 1840 3476 ⁸5⁰

1777 3520 1840 3574 un,-

163 3683 169 3703 ¹
202 3673 261 3756 (7)
280 3670 356 3736 Satis
373 3673 478 3735 mirari
496 3691 556 3733 nou
575 3689 713 3753 possum,
733 3671 920 3734 existimasse
936 3673 1017 3733 viros
1035 3673 1139 3733 doctos
1154 3669 1332 3731 Vossium
1357 3668 1394 3730 ds
1410 3673 1492 3738 Hist.
1511 3681 1622 3743 craso.
1639 3679 1693 3752 lv,
1712 3679 1741 3742 8.
1763 3654 1834 3747 Me.

160 3786 243 3855 trag.
273 3775 312 3836 ad
336 3775 447 3854 Diog,
480 3771 605 3833 Laert.
630 3779 670 3840 ll.
701 3774 749 3836 23.
776 3776 868 3849 alios,
889 3771 1028 3834 libellum
1060 3775 1152 3835 istum
1175 3777 1247 3857 ssepi
1273 3779 1415 3849 ποιλοινοῖο
1437 3764 1554 3861 τροφῆς
1577 3777 1671 3843 luisse
1699 3783 1737 3844 ab
1771 3787 1839 3864 ipso

162 3875 313 3951 Aristippo
334 3873 488 3950 Cyrenaeo
511 3869 694 3948 protectum.
731 3875 808 3933 Nam
824 3894 864 3933 ne
876 3874 981 3934 dicam
1001 3879 1167 3956 Diogenem
1188 3879 1390 3939 Laertinmln
1412 3880 1513 3939 lndiee
1543 3881 1693 3941 librorum
1710 3883 1840 3966 Aristip·

160 3972 211 4050 pi,
230 3971 356 4033 ‚hmmce
382 3971 497 4029 librum
525 3988 584 4030 non
604 3989 788 4045 memorare,
821 3972 871 4032 sel
900 3973 968 4050 ipse
993 3977 1107 4035 titulus·
1127 3980 1306 4039 recentioris
1320 3979 1441 4037 ¹aetatis
1456 3981 1738 4056 arguitauetorem.
1778 3983 1840 4057 Qut

87 4074 100 4092 ³
160 4073 242 4135 euim
260 4071 331 4143 lieri
349 4072 469 4151 potuit,
489 4077 525 4130 ut
543 4069 712 4149 Aristippus
731 4073 870 4152 exemplu
894 4075 1093 4152 antiquorum
1114 4083 1167 4158 qui
1185 4080 1350 4141 amoribus
1366 4087 1400 4136 et
1419 4077 1728 4156 gehioindulsisseut
1753 4086 1841 4149 oolli-

161 4194 234 4332 fu.
256 4181 344 4252 (uam
363 4174 423 4235 boo
441 4173 503 4234 luit
521 4173 623 4268 operis
646 4174 875 4250 argumentum)
895 4181 998 4253 turpes
1026 4196 1143 4240 amores
1165 4189 1199 4244 at
1217 4179 1385 4254 lubidinem
1405 4177 1553 4242 obiecerit
1582 4177 1696 4242 Socrati
1728 4186 1843 4270 Βίοις.

195 4279 290 4335 sert.
314 4277 355 4340 lt.
378 4274 428 4335 23.
448 4271 640 4352 Xenophonti
658 4271 732 4336 ibid,
754 4274 774 4333 1.
793 4277 814 4335 l.
839 4275 965 4339 Platoni.
988 4281 1044 4340 lll.
1062 4274 1112 4337 29.
1129 4279 1283 4340 Aristoteli
1301 4280 1339 4343 V.
1363 4279 1392 4337 3.
1415 4279 1625 4358 Theophrasto
1648 4282 1689 4345 V.
1709 4281 1758 4346 39.
1779 4289 1839 4350 Pon

165 4371 561 4456 lemouilv.19,quiaut
586 4371 728 4450 aequales
755 4374 817 4453 ipsi
836 4374 978 4449 luerunt,
1008 4387 1060 4436 aut
1083 4398 1211 4458 qnorum
1240 4378 1399 4439 nonnullos
1426 4388 1524 4439 aetate
1551 4383 1642 4442 etiam
1671 4394 1843 4464 subuertit.

163 4476 288 4554 ¹Certum
307 4479 398 4557 igitur
417 4485 464 4536 est
483 4475 576 4561 istum
592 4470 793 4552 Aristippum.
812 4476 959 4557 ,quisquis
978 4474 1091 4550 fuerit,
1108 4477 1195 4539 :bisce
1223 4477 1489 4559 omnihua,1quos
1515 4479 1556 4539 ad
1580 4483 1724 4563 Antiquos
1747 4490 1842 4554 refert

163 4574 255 4669 longe
274 4593 337 4657 esse
354 4576 569 4664 recentiorem
604 4575 754 4660 Quantum
775 4576 833 4660 ipsi
856 4574 1182 4660 tribuendum-‘sitpex
1202 4580 1433 4658 calumniisqiu
1461 4569 1593 4656 summos
1616 4584 1702 4657 ‚siros
1724 4589 1841 4656 iactatis

167 4677 237 4736 sutis
256 4685 399 4753 apparet:
420 4675 593 4736 undebuec
610 4675 677 4758 ipsa
701 4676 733 4739 in
751 4670 980 4763 Xenophontem
998 4681 1169 4759 criminatio
1198 4702 1262 4765 ¹²9²!
1279 4684 1398 4783 stupofi
1419 4682 1518 4766 megia
1540 4703 1633 4767 quam
1653 4685 1785 4756 invidiae
1808 4703 1841 4768 ος

163 4775 235 4838 odio
254 4774 417 4838 tribuenda
436 4776 567 4840 ridetur.
