4628 6044
447 512 739 586 nesronslo
773 528 820 580 ao
855 510 1228 596 Qsossstrouan.
1249 513 1594 589 tlrettrtttrlrt.
1832 519 1865 591 ιθ

178 702 242 770 589
258 701 295 768 Ε.
318 700 377 769 sed
399 722 502 788 quum
523 724 563 769 ex
584 697 752 768 Plutarchi
771 699 866 767 variis
881 699 962 767 locis
982 708 1128 778 constet,
1152 720 1226 766 eum
1246 720 1353 788 neque
1374 700 1461 768 bona
1483 700 1552 771 fide
1572 698 1667 767 luisse
1688 722 1855 771 commeo·

177 820 292 883 datum
323 815 408 904 (9),
430 835 537 904 neque
560 816 603 883 ab
621 815 743 885 invidia
762 824 794 880 et
814 813 1296 883 maledicentiatabhorrentem
1319 813 1421 898 (ιο),
1445 814 1587 900 denique
1611 836 1654 880 ne
1674 817 1708 880 in
1732 827 1865 904 tempo·
1956 868 1959 872 ι

175 932 266 998 ribus
290 931 424 1019 quidem
446 930 599 996 notandis
614 931 690 1000 satis
708 929 898 1014 diligentem
925 927 1007 1014 (ιι)
1032 927 1086 995 vix
1106 936 1170 1005 est,
1194 949 1254 993 cur
1276 948 1350 993 eum
1372 927 1563 994 historicum
1577 929 1739 994 dieamus.

218 1045 382 1110 Meliorem
401 1054 433 1111 et
455 1045 617 1109 utiliorem
634 1063 768 1130 operam
788 1045 822 1111 in
852 1039 995 1107 Homero
1019 1041 1211 1109 illustrando
1231 1043 1350 1128 posuit.
1395 1039 1467 1105 Fuit
1490 1041 1573 1107 inter
1593 1044 1849 1128 antiquissimos,

174 1159 231 1245 qui
261 1159 303 1224 de
324 1159 455 1226 Homeri
474 1177 609 1244 genere,
633 1167 740 1223 aetate
763 1168 795 1221 et
823 1155 914 1244 poisi
937 1156 1150 1241 scripserunt,
1175 1165 1212 1220 ut
1238 1164 1425 1222 auctorest
1451 1156 1652 1221 Tatiauua
1679 1156 1848 1223 aduersus

171 1279 320 1358 gentes,
353 1270 448 1358 eujus
480 1274 591 1338 locum
622 1270 722 1337 habet
742 1271 925 1339 Fabricius
948 1271 983 1337 in
1003 1271 1041 1338 B.
1066 1271 1106 1338 G.
1128 1270 1172 1336 11.
1197 1271 1225 1335 1.
1249 1293 1283 1355 p.
1308 1267 1384 1334 att.
1415 1267 1564 1333 Harlea.
1612 1269 1848 1355 Allegoricarn,

172 1387 219 1450 uti
243 1385 398 1460 vidimus,
432 1385 731 1471 interpretationem
765 1386 948 1472 amplexus,
984 1406 1105 1471 magun
1133 1383 1273 1448 nominis
1300 1380 1387 1447 tama
1418 1381 1548 1461 flomit3
1584 1391 1699 1447 acutus
1726 1396 1795 1451 erat
1818 1397 1852 1454 et

170 1497 312 1574 surrilis,
337 1508 438 1584 atque
461 1498 546 1564 adeo
572 1495 745 1579 Socrates,
768 1520 970 1585 quamquam
1004 1500 1086 1564 illud
1113 1497 1254 1564 studium
1287 1505 1319 1561 et
1340 1503 1493 1581 quaestus
1519 1495 1565 1559 ita
1587 1494 1732 1562 faciendi
1759 1500 1847 1574 ratio

32 1630 36 1635 ’
170 1611 509 1700 displiceremnagni
530 1622 638 1683 tanen
659 1611 748 1682 bunc
770 1631 804 1676 se
829 1611 938 1680 facere
964 1611 1133 1689 declaret,
1157 1629 1256 1698 quem
1284 1609 1537 1696 Rhapsodorum
1566 1608 1702 1674 inertiae
1725 1621 1757 1675 at
1785 1621 1850 1679 stu.

166 1727 244 1811 pori
261 1735 419 1812 opponat.
465 1724 524 1790 (ΙΙΙ.
547 1723 668 1790 Plato
696 1725 730 1790 in
760 1725 841 1790 Ῑοοε.
862 1726 884 1789 Ι.
908 1727 930 1790 1.
961 1724 1140 1813 Xenoph.
1171 1725 1287 1810 Spmp.
1309 1724 1332 1790 Ι.
1352 1725 1374 1787 Ι.
1419 1723 1459 1787 Et
1477 1722 1699 1810 ipsehthcnis
1721 1725 1848 1805 scholas

167 1839 302 1919 habuit3
336 1838 417 1926 quid
441 1838 486 1903 ad
508 1839 682 1930 liomerum
701 1840 928 1908 illustrandum
956 1840 1137 1925 scripserit,
1161 1859 1230 1903 non
1252 1845 1392 1903 constat.
1437 1837 1541 1921 Ipsius
1566 1836 1847 1923 interpretationes

170 1952 224 2017 hic
247 1953 313 2017 illic
336 1960 559 2017 memorantur
578 1953 611 2017 iu
635 1949 898 2023 Commentariis.
922 1970 1004 2034 quos
1025 1948 1193 2015 habemus.
1239 1947 1493 2013 cf..w01f.in
1515 1949 1711 2033 prolegom.
1736 1953 1758 2014 l.
1781 1955 1805 2016 Ι.

215 2064 392 2127 llasronr
429 2084 562 2147 quoque
590 2064 708 2152 singuli
736 2083 843 2130 versus
877 2061 1002 2147 singula
1029 2061 1210 2130 testimonia
1237 2069 1331 2125 erant
1362 2061 1549 2131 Veteribus:
1579 2060 1673 2125 huius
1699 2068 1850 2148 praecla-

170 2176 292 2240 rissima
314 2182 491 2260 praecepta
523 2176 677 2240 orationis
705 2175 881 2239 dulcedine
905 2181 938 2235 et
967 2173 1126 2255 gravitate
1157 2174 1387 2240 commendata
1417 2171 1548 2239 Socrati
1571 2176 1690 2259 passim
1710 2179 1744 2244 ia
1770 2183 1847 2248 oret

165 2290 260 2354 huius
281 2284 506 2353 admirabatur
526 2287 662 2357 dietum.
696 2287 760 2376 Op.
787 2297 820 2356 et
845 2285 883 2349 D.
906 2303 950 2350 vs.
972 2284 1048 2350 311.

618 2403 735 2489 Ἐργον
757 2401 844 2472 οθέἐν,
862 2403 968 2474 ὄνειδος
989 2404 1115 2482 aanor
1140 2396 1174 2466 θέ
1195 2398 1224 2466 τ’
1247 2398 1367 2476 θνειέος.

99 2592 102 2597 ,
164 2517 243 2584 ltine
266 2515 410 2592 docebat
441 2518 477 2585 τὸ
510 2516 569 2596 μὲν
590 2518 725 2599 ἐργοθτιρν
754 2513 833 2585 εἶναι
863 2511 1019 2598 ω’Φθλοροθν
1046 2537 1082 2580 τε
1108 2511 1249 2597 &sigolfo
1276 2514 1329 2580 κιο)
1359 2515 1479 2591 ὲγοοθθν
1504 2513 1602 2591 εἶναι.
1632 2516 1669 2584 ri
1696 2519 1729 2586 δέ
1749 2520 1845 2601 οθργθν

162 2633 322 2712 βλοβερθν
344 2655 381 2697 τε
405 2628 457 2694 uel
475 2628 586 2695 κοοκθν·
608 2633 680 2708 τοὺς
703 2632 762 2713 μὲν
781 2627 899 2707 oraora
921 2651 953 2694 τι
975 2631 1138 2702 τοιοῦντοις
1156 2626 1341 2711 ἐργθζεοθοοθ
1364 2651 1400 2694 τε
1426 2626 1488 2712 ἔφη
1506 2629 1561 2695 sal
1583 2628 1720 2711 ἐργοθτοος
1745 2625 1854 2696 alsait

167 2743 239 2816 robe
257 2743 288 2810 at
311 2743 500 2822 κυβεύοντας
521 2743 539 2819 ἥ
559 2767 589 2809 τι
604 2740 687 2811 ἄλλο
706 2739 828 2825 τοονρθν
848 2763 885 2807 τε
906 2738 958 2807 sel
976 2739 1134 2824 ἐτιζθρειον
1150 2745 1312 2818 τοιοῦντος
1330 2740 1444 2824 darie
1460 2737 1627 2810 θτεκθοιει.
1650 2738 1749 2805 Mem.
1767 2740 1795 2806 Ι.
1810 2740 1846 2810 2.

165 2855 196 2936 5·
218 2852 274 2920 156.
317 2852 418 2917 Huius
439 2852 576 2918 laudare
596 2853 721 2920 solebat

447 2966 770 3052 attellanarum
791 2963 843 3051 θερ’
864 2966 1045 3038 οἶθκνοθτοιοι
1067 2968 1170 3038 θεοῖσι.
1194 2965 1257 3054 Op.
1283 2965 1376 3033 etl).
1399 2986 1445 3032 vs.
1468 2965 1544 3033 336.

161 3077 317 3165 imprimis
336 3077 421 3145 ritae
442 3101 567 3166 semper
586 3080 669 3145 illud
690 3088 722 3144 et
749 3078 872 3163 ubique
893 3081 1095 3147 utilissimum
1124 3083 1184 3151 κὰδ
1211 3081 1340 3162 δθνοεμιν
1363 3077 1466 3162 ἕρδειν.
1510 3079 1611 3146 Mem.
1630 3077 1659 3145 l.
1680 3081 1715 3148 2.
1753 3082 1783 3171 5.
1809 3084 1847 3150 3.-

163 3190 212 3261 ΕΙ.
236 3193 334 3256 etiam
354 3193 414 3260 1v.
437 3193 470 3258 3.
502 3197 535 3276 §.
560 3194 612 3258 16.
657 3192 719 3255 Ubi
742 3191 784 3256 de
804 3194 989 3261 constantia
1011 3203 1044 3258 et
1069 3191 1203 3267 labore,
1226 3213 1295 3277 quo
1318 3191 1363 3256 ad
1388 3190 1538 3257 virtutem
1566 3193 1756 3262 enitendum
1780 3199 1840 3275 ait.

161 3301 372 3391 disputabat,
404 3304 494 3371 haud
526 3303 583 3372 ille
617 3291 786 3371 immemor
815 3302 913 3389 plane
945 3304 1094 3389 egregiae
1127 3301 1212 3366 illius
1248 3302 1426 3368 sententiae
1464 3301 1565 3390 Oper.
1596 3314 1630 3368 ot
1664 3308 1763 3376 Bias.
1794 3331 1840 3377 vs,

160 3415 324 3505 281ονε·
776 3487 777 3490 ¹

518 3532 585 3605 Tio
606 3532 664 3610 uls
685 3533 748 3612 γὰρ
769 3531 929 3608 ιεοικθτιςτοο
950 3528 1004 3597 eal
1027 3529 1131 3597 tratti
1152 3527 1233 3596 ἐστιν
1255 3527 1377 3599 ἑοιέοθκι

513 3644 665 3721 ‘Paretur
687 3644 756 3723 λεθις
779 3645 837 3727 ptr
859 3645 942 3724 θδθς,
965 3640 1060 3725 μθλοο
1079 3639 1109 3709 δ’
1132 3642 1242 3721 ἐγγύθι
1266 3642 1353 3708 νκθει.

1776 3777 1844 3846 Τῆς

203 3939 277 4025 (9)
295 3939 342 4005 Cf.
361 3939 560 4005 Plutarch.
581 3944 613 4004 in
631 3940 750 4005 Parioi.
770 3942 832 4022 Cap
859 3939 932 4003 XVI
950 3950 982 4002 et
999 3936 1140 4000 XXXVI.

203 4047 283 4126 (1⁰)
304 4043 458 4104 Cimonem
480 4044 623 4106 narrabat
655 4045 725 4113 οὔτε
757 4046 905 4125 μεντικέςν
935 4044 1006 4111 οθτε
1041 4043 1123 4114 ἄλλο
1155 4065 1187 4112 τε
1218 4039 1352 4124 urlinus
1388 4045 1448 4109 riis
1477 4041 1649 4127 ἐλευθερίων
1686 4046 1739 4116 sal
1779 4057 1843 4125 τοῖς

160 4146 312 4227 Ἕλλησιν
339 4144 601 4229 ἐπιχωριαζόντων
630 4147 864 4233 ἐκδιδαχθῆναι·
894 4146 1060 4225 θεινθτντθς
1085 4172 1121 4216 τε
1159 4144 1212 4215 eorl
1241 4143 1422 4226 ττνμνλθοος
1455 4144 1604 4225 'Amissis
1630 4147 1706 4224 θινς
1737 4155 1847 4230 airna-

163 4254 296 4337 λάχνη.
351 4252 550 4313 Plutarch.
582 4257 614 4314 in
635 4249 716 4315 Cim.
735 4252 809 4329 Gap.
827 4250 880 4314 tv.
900 4250 945 4317 ld.
971 4255 1002 4312 in
1024 4252 1139 4317 Porioi.
1159 4254 1261 4316 thl.·
1290 4252 1522 4334 Στειοθροβροτος
1557 4258 1571 4321 θ
1607 4256 1727 4332 Θθτιος
1753 4263 1846 4329 istrie

160 4357 313 4440 ἐὶοέβνρεο
341 4357 394 4426 uel
425 4358 559 4436 μυθῶδες
583 4359 753 4437 ἐξενεγκεῖν
773 4351 945 4432 θτθλμνοεν
972 4356 1016 4428 ele
1045 4359 1101 4434 τὴν
1132 4366 1268 4438 γονοεῖκοο
1294 4363 1348 4425 τοῦ
1378 4361 1441 4428 οἱοῦ
1474 4362 1559 4430 κοντοὶ
1578 4366 1633 4429 τοῦ
1653 4365 1846 4446 Περικλέους.

165 4457 702 4523 Athen.1.exeoiudet'orictc
725 4454 759 4534 sla
781 4458 814 4527 δέ
839 4456 924 4537 οὗτος
947 4461 1023 4545 &sip
1045 4464 1118 4547 τρθς
1137 4459 1323 4546 Ἀφροδίσιον
1342 4462 1424 4532 τιθνν
1447 4466 1645 4550 κοετκφερθις,
1677 4464 1760 4545 θροις
1786 4471 1841 4538 ael

164 4573 206 4648 nti
227 4567 283 4631 τοῦ
304 4565 366 4631 ulei
388 4566 510 4642 γννοοιεε)
534 4558 637 4644 rotho.

201 4672 283 4746 (tt)
312 4667 382 4732 οὐκ
402 4665 433 4732 εὖ
454 4677 513 4739 τῶν
533 4671 648 4757 χρθεοον
670 4667 844 4757 θττθροενος
866 4671 977 4739 dicitur
1004 4693 1023 4737 a
1047 4667 1265 4734 Plutarcho
1292 4674 1325 4735 in
1360 4671 1504 4747 Themin.
1538 4675 1751 4759 Cap.11.ubi
1777 4680 1844 4762 eju·

161 4769 489 4851 maenianaque.
616 4814 620 4821 .
862 4804 880 4813 ··
950 4802 955 4811 ·
995 4818 1004 4831 .
1088 4779 1101 4826 ,¹
1475 4806 1496 4819 .-
1529 4805 1550 4813 -·
1825 4808 1841 4820 ..
